@article{
Dush96b,
   Author = {Dushoff, J.},
   Title = {Multi-Log transforms improve precision in ecology},
   Journal = {Bulletin of the Ecological Society of America},
   Pages = {1-3},
      Year = {1996} }