@book{
Hirs+13,
   Author = {Hirsch, M. W. and Smale, S. and Devaney, R. L.},
   Title = {Differential equations, dynamical systems, and an introduction to chaos},
   Publisher = {Academic Press},
   Address = {Waltham, MA},
   Edition = {3rd},
   Keywords = {Differential equations.
Algebras, Linear.
Chaotic behavior in systems.},
   Year = {2013} }
